@article{esteva2017dermatologist,
	title={Dermatologist-level classification of skin cancer with deep neural networks},
	author={Esteva, Andre and Kuprel, Brett and Novoa, Roberto A and Ko, Justin and Swetter, Susan M and Blau, Helen M and Thrun, Sebastian},
	journal={Nature},
	volume={542},
	number={7639},
	pages={115},
	year={2017},
	publisher={Nature Publishing Group}
}

@article{hautkrebs,
	title={Patientenratgeber {H}autkrebs},
	author={Deutsche Krebsgesellschaft},
	year={2012},
	publisher={Deutsche {K}rebsgesellschaft e. {V.}}
}

@inproceedings{szegedy2016rethinking,
	title={Rethinking the inception architecture for computer vision},
	author={Szegedy, Christian and Vanhoucke, Vincent and Ioffe, Sergey and Shlens, Jon and Wojna, Zbigniew},
	booktitle={Proceedings of the IEEE Conference on Computer Vision and Pattern Recognition},
	pages={2818--2826},
	year={2016}
}

@article{russakovsky2015imagenet,
	title={Imagenet large scale visual recognition challenge},
	author={Russakovsky, Olga and Deng, Jia and Su, Hao and Krause, Jonathan and Satheesh, Sanjeev and Ma, Sean and Huang, Zhiheng and Karpathy, Andrej and Khosla, Aditya and Bernstein, Michael and others},
	journal={International Journal of Computer Vision},
	volume={115},
	number={3},
	pages={211--252},
	year={2015},
	publisher={Springer}
}