@article{skincancer,
  title={Dermatologist-level classification of skin cancer with deep neural networks},
  author={Esteva, Andre and Kuprel, Brett and Novoa, Roberto A and Ko, Justin and Swetter, Susan M and Blau, Helen M and Thrun, Sebastian},
  journal={Nature},
  volume={542},
  number={7639},
  pages={115--118},
  year={2017},
  publisher={Nature Research}
},

@article{cancer,
  title={Cancer statistics, 2016},
  author={Siegel, Rebecca L and Miller, Kimberly D and Jemal, Ahmedin},
  journal={CA: a cancer journal for clinicians},
  volume={66},
  number={1},
  pages={7--30},
  year={2016},
  publisher={Wiley Online Library}
},

@article{cnn,
  title={Deep learning},
  author={LeCun, Yann and Bengio, Yoshua and Hinton, Geoffrey},
  journal={Nature},
  volume={521},
  number={7553},
  pages={436--444},
  year={2015},
  publisher={Nature Research}
},

@Misc{ISIC,
	title = {ISIC Dermoscopic Archive},
	author = "{Memorial {S}loan {K}ettering {C}ancer {C}enter}",
	note = {Eingesehen am 26.11.2017},
	url = {https://isic-archive.com/},
	year = 2017,
}